<record><leader>00000cas a22000007a 4500</leader><controlfield tag="001">15096935</controlfield><controlfield tag="008">870121d19431943txuer ne     o0    0eng d</controlfield><datafield ind1=" " ind2=" " tag="010"><subfield code="a">sn 86090789 </subfield></datafield><datafield ind1=" " ind2=" " tag="040"><subfield code="a">PPM</subfield><subfield code="b">eng</subfield><subfield code="c">PPM</subfield><subfield code="d">OCLCQ</subfield></datafield><datafield ind1=" " ind2=" " tag="042"><subfield code="a">msc</subfield></datafield><datafield ind1="0" ind2="0" tag="245"><subfield code="a">Moore Field ramp.</subfield></datafield><datafield ind1=" " ind2=" " tag="260"><subfield code="a">Mission, Tex. :</subfield><subfield code="b">Special Service Office, Moore Field</subfield></datafield><datafield ind1=" " ind2=" " tag="310"><subfield code="a">Biweekly</subfield></datafield><datafield ind1="0" ind2=" " tag="362"><subfield code="a">-v. 1, no. 7 (Oct. 16, 1943).</subfield></datafield><datafield ind1="1" ind2=" " tag="362"><subfield code="a">Began in 1943.</subfield></datafield><datafield ind1=" " ind2=" " tag="500"><subfield code="a">" ... Published by and for the enlisted personnel of the Army Air Forces Pilot School Advanced-Single Engine, Moore Field, Mission, Texas."</subfield></datafield><datafield ind1=" " ind2=" " tag="588"><subfield code="a">Description based on: Vol. 1, no. 7 (Oct. 16, 1943).</subfield></datafield><datafield ind1=" " ind2=" " tag="752"><subfield code="a">United States</subfield><subfield code="b">Texas</subfield><subfield code="c">Hidalgo</subfield><subfield code="d">Mission.</subfield></datafield><datafield ind1=" " ind2=" " tag="752"><subfield code="a">United States</subfield><subfield code="b">Texas</subfield><subfield code="c">Hidalgo</subfield><subfield code="d">Moore Field.</subfield></datafield><datafield ind1="0" ind2="0" tag="785"><subfield code="t">Ramp (Mission, Tex. : 1943)</subfield><subfield code="w">(DLC)sn 86090730</subfield></datafield><datafield ind1="1" ind2=" " tag="029"><subfield code="a">AU@</subfield><subfield code="b">000025791212</subfield></datafield></record>